@ARTICLE{2002PhRvD..65l3004M,
       author = {{Mack}, Andrew and {Kahniashvili}, Tina and {Kosowsky}, Arthur},
        title = "{Microwave background signatures of a primordial stochastic magnetic field}",
      journal = {\prd},
     keywords = {98.70.Vc, 98.62.En, 98.80.Cq, 98.80.Hw, Background radiations, Electric and magnetic fields, Particle-theory and field-theory models of the early Universe, Astrophysics},
         year = "2002",
        month = "Jun",
       volume = {65},
       number = {12},
          eid = {123004},
        pages = {123004},
          doi = {10.1103/PhysRevD.65.123004},
archivePrefix = {arXiv},
       eprint = {astro-ph/0105504},
 primaryClass = {astro-ph},
       adsurl = {https://ui.adsabs.harvard.edu/abs/2002PhRvD..65l3004M},
      adsnote = {Provided by the SAO/NASA Astrophysics Data System}
}

